[gd_scene load_steps=11 format=2]

[ext_resource path="res://Graphics/Meshes/Generator/LeverPanel.mesh" type="ArrayMesh" id=1]
[ext_resource path="res://Graphics/Meshes/Generator/Generator.mesh" type="ArrayMesh" id=2]
[ext_resource path="res://Graphics/Materials/Main/MainPropsMat4.tres" type="Material" id=3]
[ext_resource path="res://Graphics/Meshes/Generator/Lever.mesh" type="ArrayMesh" id=4]
[ext_resource path="res://Graphics/Meshes/Generator/GeneratorFeedback.mesh" type="ArrayMesh" id=5]
[ext_resource path="res://Graphics/Materials/Main/EmissiveGreen.tres" type="Material" id=6]
[ext_resource path="res://Graphics/Materials/Main/EmissiveRed.tres" type="Material" id=7]
[ext_resource path="res://Scripts/Generator.gd" type="Script" id=8]
[ext_resource path="res://Scripts/VFX/Blink.gd" type="Script" id=9]

[sub_resource type="BoxShape" id=1]
extents = Vector3( 0.364892, 0.64637, 0.398299 )

[node name="Generator" type="MeshInstance"]
mesh = ExtResource( 2 )
material/0 = ExtResource( 3 )
script = ExtResource( 8 )

[node name="LeverPanel" type="MeshInstance" parent="."]
transform = Transform( 1, 0, 0, 0, 1, 0, 0, 0, 1, -0.547939, 1.4511, 0.766814 )
mesh = ExtResource( 1 )
material/0 = ExtResource( 3 )

[node name="FeedbackON" type="MeshInstance" parent="LeverPanel"]
transform = Transform( 1, 0, 0, 0, 1, 0, 0, 0, 1, -0.00672984, 0.336171, 0.123692 )
mesh = ExtResource( 5 )
material/0 = ExtResource( 6 )
script = ExtResource( 9 )

[node name="FeedbackOFF" type="MeshInstance" parent="LeverPanel"]
transform = Transform( 1, 0, 0, 0, 1, 0, 0, 0, 1, -0.00672984, 0.336171, 0.123692 )
visible = false
mesh = ExtResource( 5 )
material/0 = ExtResource( 7 )
script = ExtResource( 9 )

[node name="LeverON" type="MeshInstance" parent="LeverPanel"]
transform = Transform( 1, 0, 0, 0, 1, 0, 0, 0, 1, 0, 0, 0.0904354 )
mesh = ExtResource( 4 )
material/0 = ExtResource( 3 )

[node name="LeverOFF" type="MeshInstance" parent="LeverPanel"]
transform = Transform( 1, 0, 0, 0, -0.258819, -0.965926, 0, 0.965926, -0.258819, 0, 0, 0.0904354 )
visible = false
mesh = ExtResource( 4 )
material/0 = ExtResource( 3 )

[node name="LeverBody" type="StaticBody" parent="LeverPanel"]

[node name="CollisionShape" type="CollisionShape" parent="LeverPanel/LeverBody"]
shape = SubResource( 1 )
