[gd_scene load_steps=42 format=2]

[ext_resource path="res://Objects/Blocks/ConcreteBlock02.tscn" type="PackedScene" id=1]
[ext_resource path="res://Objects/Blocks/Container00.tscn" type="PackedScene" id=2]
[ext_resource path="res://Objects/Decoration/Gaz02.tscn" type="PackedScene" id=3]
[ext_resource path="res://Objects/Blocks/ConcreteBlock01.tscn" type="PackedScene" id=4]
[ext_resource path="res://Objects/Blocks/ConcreteBlock00.tscn" type="PackedScene" id=5]
[ext_resource path="res://Objects/Blocks/Crate01.tscn" type="PackedScene" id=6]
[ext_resource path="res://Objects/Blocks/Crate00.tscn" type="PackedScene" id=7]
[ext_resource path="res://Objects/Decoration/Gaz01.tscn" type="PackedScene" id=8]
[ext_resource path="res://Objects/Decoration/Lamp00.tscn" type="PackedScene" id=9]
[ext_resource path="res://Objects/Blocks/Crate02.tscn" type="PackedScene" id=10]
[ext_resource path="res://Objects/Decoration/Gaz00.tscn" type="PackedScene" id=11]
[ext_resource path="res://Objects/Blocks/Dumpster00.tscn" type="PackedScene" id=12]
[ext_resource path="res://Objects/A Ranger/Props/Barrel00.tscn" type="PackedScene" id=13]
[ext_resource path="res://Objects/A Ranger/Props/Barrel01.tscn" type="PackedScene" id=14]
[ext_resource path="res://Objects/A Ranger/Props/Barrel02.tscn" type="PackedScene" id=15]
[ext_resource path="res://Objects/A Ranger/Props/Barrel03.tscn" type="PackedScene" id=16]
[ext_resource path="res://Objects/A Ranger/Props/Barrel04.tscn" type="PackedScene" id=17]
[ext_resource path="res://Objects/A Ranger/Props/Barrel05.tscn" type="PackedScene" id=18]
[ext_resource path="res://Objects/A Ranger/Props/Barrel06.tscn" type="PackedScene" id=19]
[ext_resource path="res://Objects/A Ranger/Props/Barrel07.tscn" type="PackedScene" id=20]
[ext_resource path="res://Objects/A Ranger/Props/Barrel08.tscn" type="PackedScene" id=21]
[ext_resource path="res://Objects/A Ranger/Props/Barrel09.tscn" type="PackedScene" id=22]
[ext_resource path="res://Objects/A Ranger/Props/Barrel10.tscn" type="PackedScene" id=23]
[ext_resource path="res://Objects/A Ranger/Props/Box00.tscn" type="PackedScene" id=24]
[ext_resource path="res://Objects/A Ranger/Props/Box01.tscn" type="PackedScene" id=25]
[ext_resource path="res://Objects/A Ranger/Props/Box02.tscn" type="PackedScene" id=26]
[ext_resource path="res://Objects/A Ranger/Props/Box03.tscn" type="PackedScene" id=27]
[ext_resource path="res://Objects/A Ranger/Props/Box04.tscn" type="PackedScene" id=28]
[ext_resource path="res://Objects/A Ranger/Props/BoxCovered00.tscn" type="PackedScene" id=29]
[ext_resource path="res://Objects/A Ranger/Props/BoxCovered01.tscn" type="PackedScene" id=30]
[ext_resource path="res://Objects/A Ranger/Props/BoxCovered02.tscn" type="PackedScene" id=31]
[ext_resource path="res://Objects/A Ranger/Props/BoxCovered03.tscn" type="PackedScene" id=32]
[ext_resource path="res://Objects/A Ranger/Props/Cardbox00.tscn" type="PackedScene" id=33]
[ext_resource path="res://Objects/A Ranger/Props/Cardbox01.tscn" type="PackedScene" id=34]
[ext_resource path="res://Objects/A Ranger/Props/Cardbox02.tscn" type="PackedScene" id=35]
[ext_resource path="res://Objects/A Ranger/Props/Cardbox03.tscn" type="PackedScene" id=36]
[ext_resource path="res://Objects/A Ranger/Props/Cardbox04.tscn" type="PackedScene" id=37]
[ext_resource path="res://Objects/A Ranger/Props/Loot00.tscn" type="PackedScene" id=38]
[ext_resource path="res://Objects/A Ranger/Props/Loot01.tscn" type="PackedScene" id=39]
[ext_resource path="res://Objects/A Ranger/Props/Loot02.tscn" type="PackedScene" id=40]
[ext_resource path="res://Objects/A Ranger/Props/Pallet00.tscn" type="PackedScene" id=41]

[node name="AllProps" type="Spatial"]

[node name="ConcreteBlock00" parent="." instance=ExtResource( 5 )]
transform = Transform( 1, 0, 0, 0, 1, 0, 0, 0, 1, -1.08741, 0, 3.29935 )

[node name="ConcreteBlock01" parent="." instance=ExtResource( 4 )]
transform = Transform( 1, 0, 0, 0, 1, 0, 0, 0, 1, -1.08741, 0, 2.06545 )

[node name="ConcreteBlock02" parent="." instance=ExtResource( 1 )]
transform = Transform( 1, 0, 0, 0, 1, 0, 0, 0, 1, -1.08741, 0, 0.827853 )

[node name="Container00" parent="." instance=ExtResource( 2 )]
transform = Transform( 1, 0, 0, 0, 1, 0, 0, 0, 1, 0.529547, 0, -3.1537 )

[node name="Crate00" parent="." instance=ExtResource( 7 )]
transform = Transform( 1, 0, 0, 0, 1, 0, 0, 0, 1, 0.738388, 0, 2.28101 )

[node name="Crate01" parent="." instance=ExtResource( 6 )]
transform = Transform( 1, 0, 0, 0, 1, 0, 0, 0, 1, 1.8637, 0, 2.30723 )

[node name="Crate02" parent="." instance=ExtResource( 10 )]
transform = Transform( 1, 0, 0, 0, 1, 0, 0, 0, 1, 3.19728, 0, 2.2785 )

[node name="Gaz00" parent="." instance=ExtResource( 11 )]
transform = Transform( 1, 0, 0, 0, 1, 0, 0, 0, 1, -3.21247, 0, -0.696621 )

[node name="Gaz01" parent="." instance=ExtResource( 8 )]
transform = Transform( 1, 0, 0, 0, 1, 0, 0, 0, 1, -3.21247, 0, -1.92927 )

[node name="Gaz02" parent="." instance=ExtResource( 3 )]
transform = Transform( 1, 0, 0, 0, 1, 0, 0, 0, 1, -3.21247, 0, -3.20584 )

[node name="Lamp" parent="." instance=ExtResource( 9 )]
transform = Transform( 1, 0, 0, 0, 1, 0, 0, 0, 1, 1.54957, 0, -0.737956 )

[node name="Dumpster00" parent="." instance=ExtResource( 12 )]
transform = Transform( 1, 0, 0, 0, 1, 0, 0, 0, 1, -0.801707, 0, -0.775498 )

[node name="Barrel00" parent="." instance=ExtResource( 13 )]
transform = Transform( 1, 0, 0, 0, 1, 0, 0, 0, 1, -5.17222, 0, -3.16603 )

[node name="Barrel01" parent="." instance=ExtResource( 14 )]
transform = Transform( 1, 0, 0, 0, 1, 0, 0, 0, 1, -5.17222, 0, -1.50465 )

[node name="Barrel02" parent="." instance=ExtResource( 15 )]
transform = Transform( 1, 0, 0, 0, 1, 0, 0, 0, 1, -5.17222, 0, -0.172407 )

[node name="Barrel03" parent="." instance=ExtResource( 16 )]
transform = Transform( 1, 0, 0, 0, 1, 0, 0, 0, 1, -5.17222, 0, 1.30089 )

[node name="Barrel04" parent="." instance=ExtResource( 17 )]
transform = Transform( 1, 0, 0, 0, 1, 0, 0, 0, 1, -5.17222, 0, 2.75852 )

[node name="Barrel05" parent="." instance=ExtResource( 18 )]
transform = Transform( 1, 0, 0, 0, 1, 0, 0, 0, 1, -5.17222, 0, 4.21614 )

[node name="Barrel06" parent="." instance=ExtResource( 19 )]
transform = Transform( 1, 0, 0, 0, 1, 0, 0, 0, 1, -3.1817, 0, 0.92473 )

[node name="Barrel07" parent="." instance=ExtResource( 20 )]
transform = Transform( 1, 0, 0, 0, 1, 0, 0, 0, 1, -3.1817, 0, 2.27264 )

[node name="Barrel08" parent="." instance=ExtResource( 21 )]
transform = Transform( 1, 0, 0, 0, 1, 0, 0, 0, 1, -3.1817, 0, 3.29141 )

[node name="Barrel09" parent="." instance=ExtResource( 22 )]
transform = Transform( 1, 0, 0, 0, 1, 0, 0, 0, 1, -12.6171, 0, 2.50774 )

[node name="Barrel10" parent="." instance=ExtResource( 23 )]
transform = Transform( 1, 0, 0, 0, 1, 0, 0, 0, 1, -11.6453, 0, 2.50774 )

[node name="Box00" parent="." instance=ExtResource( 24 )]
transform = Transform( 1, 0, 0, 0, 1, 0, 0, 0, 1, -12.3815, 0, -0.201096 )

[node name="Box01" parent="." instance=ExtResource( 25 )]
transform = Transform( 1, 0, 0, 0, 1, 0, 0, 0, 1, -12.3815, 0, -1.7733 )

[node name="Box02" parent="." instance=ExtResource( 26 )]
transform = Transform( 1, 0, 0, 0, 1, 0, 0, 0, 1, -12.3815, 0, -3.29066 )

[node name="Box03" parent="." instance=ExtResource( 27 )]
transform = Transform( 1, 0, 0, 0, 1, 0, 0, 0, 1, -15.5442, 0, -1.80986 )

[node name="Box04" parent="." instance=ExtResource( 28 )]
transform = Transform( 1, 0, 0, 0, 1, 0, 0, 0, 1, -15.5807, 0, -3.38207 )

[node name="BoxCovered00" parent="." instance=ExtResource( 29 )]
transform = Transform( 1, 0, 0, 0, 1, 0, 0, 0, 1, -8.61548, 0, -3.65629 )

[node name="BoxCovered01" parent="." instance=ExtResource( 30 )]
transform = Transform( 1, 0, 0, 0, 1, 0, 0, 0, 1, -8.78001, 0, -0.347347 )

[node name="BoxCovered02" parent="." instance=ExtResource( 31 )]
transform = Transform( 1, 0, 0, 0, 1, 0, 0, 0, 1, -8.57891, 0, 3.52832 )

[node name="BoxCovered03" parent="." instance=ExtResource( 32 )]
transform = Transform( 1, 0, 0, 0, 1, 0, 0, 0, 1, -8.43189, 0, 7.09504 )

[node name="Cardbox00" parent="." instance=ExtResource( 33 )]
transform = Transform( 1, 0, 0, 0, 1, 0, 0, 0, 1, -15.933, 0, -0.426471 )

[node name="Cardbox01" parent="." instance=ExtResource( 34 )]
transform = Transform( 1, 0, 0, 0, 1, 0, 0, 0, 1, -14.2815, 0, -0.395125 )

[node name="Cardbox02" parent="." instance=ExtResource( 35 )]
transform = Transform( 1, 0, 0, 0, 1, 0, 0, 0, 1, -16.3719, 0, -0.298337 )

[node name="Cardbox03" parent="." instance=ExtResource( 36 )]
transform = Transform( 1, 0, 0, 0, 1, 0, 0, 0, 1, -15.41, 0, -0.362308 )

[node name="Cardbox04" parent="." instance=ExtResource( 37 )]
transform = Transform( 1, 0, 0, 0, 1, 0, 0, 0, 1, -14.8029, 0, -0.319853 )

[node name="Loot00" parent="." instance=ExtResource( 38 )]
transform = Transform( 1, 0, 0, 0, 1, 0, 0, 0, 1, -13.1699, 0, 1.10882 )

[node name="Loot01" parent="." instance=ExtResource( 39 )]
transform = Transform( 1, 0, 0, 0, 1, 0, 0, 0, 1, -12.5302, 0, 1.15147 )

[node name="Loot02" parent="." instance=ExtResource( 40 )]
transform = Transform( 1, 0, 0, 0, 1, 0, 0, 0, 1, -11.6986, 0, 1.15147 )

[node name="Pallet00" parent="." instance=ExtResource( 41 )]
transform = Transform( 1, 0, 0, 0, 1, 0, 0, 0, 1, -3.30565, 0, 5.23848 )
